<?xml version="1.0" encoding="UTF-8"?><collection xmlns="http://www.loc.gov/MARC21/slim"><record><leader>00467nam--2200169-u-4500</leader><controlfield tag="001">000051841</controlfield><controlfield tag="002">20161230</controlfield><controlfield tag="005">20161230201049</controlfield><controlfield tag="008">081104s1000------------r-----000-0-eng-d</controlfield><datafield ind1=" " ind2=" " tag="040"><subfield code="a">IFIN-HH</subfield></datafield><datafield ind1=" " ind2=" " tag="080"><subfield code="a">517.951</subfield></datafield><datafield ind1="1" ind2=" " tag="100"><subfield code="a">Anikonov,Yu.E</subfield></datafield><datafield ind1="1" ind2="0" tag="245"><subfield code="a">Nekotorye Metody Issledovaniya Mnogomernykh Obratnykh Zadach dlya Differentsialnykh Uravnenii</subfield></datafield><datafield ind1=" " ind2=" " tag="260"><subfield code="a">Novosibirsk</subfield><subfield code="b">Nauka</subfield><subfield code="c">1978</subfield></datafield><datafield ind1=" " ind2=" " tag="300"><subfield code="a">120 p</subfield></datafield><datafield ind1=" " ind2=" " tag="852"><subfield code="a">46249</subfield><subfield code="c">517.9</subfield></datafield><datafield ind1=" " ind2=" " tag="CAT"><subfield code="a">Sys</subfield><subfield code="c">20081104</subfield><subfield code="h">093926</subfield></datafield></record></collection>